%YAML 1.1
%TAG !u! tag:unity3d.com,2011:
--- !u!29 &1
OcclusionCullingSettings:
  m_ObjectHideFlags: 0
  serializedVersion: 2
  m_OcclusionBakeSettings:
    smallestOccluder: 5
    smallestHole: 0.25
    backfaceThreshold: 100
  m_SceneGUID: 00000000000000000000000000000000
  m_OcclusionCullingData: {fileID: 0}
--- !u!104 &2
RenderSettings:
  m_ObjectHideFlags: 0
  serializedVersion: 9
  m_Fog: 0
  m_FogColor: {r: 0.5, g: 0.5, b: 0.5, a: 1}
  m_FogMode: 3
  m_FogDensity: 0.01
  m_LinearFogStart: 0
  m_LinearFogEnd: 300
  m_AmbientSkyColor: {r: 0.212, g: 0.227, b: 0.259, a: 1}
  m_AmbientEquatorColor: {r: 0.114, g: 0.125, b: 0.133, a: 1}
  m_AmbientGroundColor: {r: 0.047, g: 0.043, b: 0.035, a: 1}
  m_AmbientIntensity: 1
  m_AmbientMode: 3
  m_SubtractiveShadowColor: {r: 0.42, g: 0.478, b: 0.627, a: 1}
  m_SkyboxMaterial: {fileID: 0}
  m_HaloStrength: 0.5
  m_FlareStrength: 1
  m_FlareFadeSpeed: 3
  m_HaloTexture: {fileID: 0}
  m_SpotCookie: {fileID: 10001, guid: 0000000000000000e000000000000000, type: 0}
  m_DefaultReflectionMode: 0
  m_DefaultReflectionResolution: 128
  m_ReflectionBounces: 1
  m_ReflectionIntensity: 1
  m_CustomReflection: {fileID: 0}
  m_Sun: {fileID: 0}
  m_IndirectSpecularColor: {r: 0, g: 0, b: 0, a: 1}
  m_UseRadianceAmbientProbe: 0
--- !u!157 &3
LightmapSettings:
  m_ObjectHideFlags: 0
  serializedVersion: 12
  m_GIWorkflowMode: 1
  m_GISettings:
    serializedVersion: 2
    m_BounceScale: 1
    m_IndirectOutputScale: 1
    m_AlbedoBoost: 1
    m_EnvironmentLightingMode: 0
    m_EnableBakedLightmaps: 0
    m_EnableRealtimeLightmaps: 0
  m_LightmapEditorSettings:
    serializedVersion: 12
    m_Resolution: 2
    m_BakeResolution: 40
    m_AtlasSize: 1024
    m_AO: 0
    m_AOMaxDistance: 1
    m_CompAOExponent: 1
    m_CompAOExponentDirect: 0
    m_ExtractAmbientOcclusion: 0
    m_Padding: 2
    m_LightmapParameters: {fileID: 0}
    m_LightmapsBakeMode: 1
    m_TextureCompression: 1
    m_FinalGather: 0
    m_FinalGatherFiltering: 1
    m_FinalGatherRayCount: 256
    m_ReflectionCompression: 2
    m_MixedBakeMode: 2
    m_BakeBackend: 0
    m_PVRSampling: 1
    m_PVRDirectSampleCount: 32
    m_PVRSampleCount: 500
    m_PVRBounces: 2
    m_PVREnvironmentSampleCount: 500
    m_PVREnvironmentReferencePointCount: 2048
    m_PVRFilteringMode: 2
    m_PVRDenoiserTypeDirect: 0
    m_PVRDenoiserTypeIndirect: 0
    m_PVRDenoiserTypeAO: 0
    m_PVRFilterTypeDirect: 0
    m_PVRFilterTypeIndirect: 0
    m_PVRFilterTypeAO: 0
    m_PVREnvironmentMIS: 0
    m_PVRCulling: 1
    m_PVRFilteringGaussRadiusDirect: 1
    m_PVRFilteringGaussRadiusIndirect: 5
    m_PVRFilteringGaussRadiusAO: 2
    m_PVRFilteringAtrousPositionSigmaDirect: 0.5
    m_PVRFilteringAtrousPositionSigmaIndirect: 2
    m_PVRFilteringAtrousPositionSigmaAO: 1
    m_ExportTrainingData: 0
    m_TrainingDataDestination: TrainingData
    m_LightProbeSampleCountMultiplier: 4
  m_LightingDataAsset: {fileID: 0}
  m_LightingSettings: {fileID: 0}
--- !u!196 &4
NavMeshSettings:
  serializedVersion: 2
  m_ObjectHideFlags: 0
  m_BuildSettings:
    serializedVersion: 2
    agentTypeID: 0
    agentRadius: 0.5
    agentHeight: 2
    agentSlope: 45
    agentClimb: 0.4
    ledgeDropHeight: 0
    maxJumpAcrossDistance: 0
    minRegionArea: 2
    manualCellSize: 0
    cellSize: 0.16666667
    manualTileSize: 0
    tileSize: 256
    accuratePlacement: 0
    maxJobWorkers: 0
    preserveTilesOutsideBounds: 0
    debug:
      m_Flags: 0
  m_NavMeshData: {fileID: 0}
--- !u!224 &13455705 stripped
RectTransform:
  m_CorrespondingSourceObject: {fileID: 1869315242013173013, guid: 0b11d13738fa8fa4a8692edc543136f7, type: 3}
  m_PrefabInstance: {fileID: 1869315242017059916}
  m_PrefabAsset: {fileID: 0}
--- !u!1001 &140093296
PrefabInstance:
  m_ObjectHideFlags: 0
  serializedVersion: 2
  m_Modification:
    m_TransformParent: {fileID: 0}
    m_Modifications:
    - target: {fileID: 5352739046697176077, guid: c12c06ee622d3134aacf12d1a546cb80, type: 3}
      propertyPath: m_LocalPosition.x
      value: 67.23
      objectReference: {fileID: 0}
    - target: {fileID: 5352739046697176077, guid: c12c06ee622d3134aacf12d1a546cb80, type: 3}
      propertyPath: m_LocalPosition.y
      value: -30.19
      objectReference: {fileID: 0}
    - target: {fileID: 5352739046697176077, guid: c12c06ee622d3134aacf12d1a546cb80, type: 3}
      propertyPath: m_LocalPosition.z
      value: 0
      objectReference: {fileID: 0}
    - target: {fileID: 5352739046697176077, guid: c12c06ee622d3134aacf12d1a546cb80, type: 3}
      propertyPath: m_LocalRotation.x
      value: 0
      objectReference: {fileID: 0}
    - target: {fileID: 5352739046697176077, guid: c12c06ee622d3134aacf12d1a546cb80, type: 3}
      propertyPath: m_LocalRotation.y
      value: 0
      objectReference: {fileID: 0}
    - target: {fileID: 5352739046697176077, guid: c12c06ee622d3134aacf12d1a546cb80, type: 3}
      propertyPath: m_LocalRotation.z
      value: 0
      objectReference: {fileID: 0}
    - target: {fileID: 5352739046697176077, guid: c12c06ee622d3134aacf12d1a546cb80, type: 3}
      propertyPath: m_LocalRotation.w
      value: 1
      objectReference: {fileID: 0}
    - target: {fileID: 5352739046697176077, guid: c12c06ee622d3134aacf12d1a546cb80, type: 3}
      propertyPath: m_RootOrder
      value: 10
      objectReference: {fileID: 0}
    - target: {fileID: 5352739046697176077, guid: c12c06ee622d3134aacf12d1a546cb80, type: 3}
      propertyPath: m_LocalEulerAnglesHint.x
      value: 0
      objectReference: {fileID: 0}
    - target: {fileID: 5352739046697176077, guid: c12c06ee622d3134aacf12d1a546cb80, type: 3}
      propertyPath: m_LocalEulerAnglesHint.y
      value: 0
      objectReference: {fileID: 0}
    - target: {fileID: 5352739046697176077, guid: c12c06ee622d3134aacf12d1a546cb80, type: 3}
      propertyPath: m_LocalEulerAnglesHint.z
      value: 0
      objectReference: {fileID: 0}
    - target: {fileID: 5352739046697177073, guid: c12c06ee622d3134aacf12d1a546cb80, type: 3}
      propertyPath: m_Name
      value: End Goal - Blue
      objectReference: {fileID: 0}
    m_RemovedComponents: []
  m_SourcePrefab: {fileID: 100100000, guid: c12c06ee622d3134aacf12d1a546cb80, type: 3}
--- !u!1 &590660762
GameObject:
  m_ObjectHideFlags: 0
  m_CorrespondingSourceObject: {fileID: 0}
  m_PrefabInstance: {fileID: 0}
  m_PrefabAsset: {fileID: 0}
  serializedVersion: 6
  m_Component:
  - component: {fileID: 590660765}
  - component: {fileID: 590660764}
  - component: {fileID: 590660763}
  m_Layer: 0
  m_Name: EventSystem
  m_TagString: Untagged
  m_Icon: {fileID: 0}
  m_NavMeshLayer: 0
  m_StaticEditorFlags: 0
  m_IsActive: 1
--- !u!114 &590660763
MonoBehaviour:
  m_ObjectHideFlags: 0
  m_CorrespondingSourceObject: {fileID: 0}
  m_PrefabInstance: {fileID: 0}
  m_PrefabAsset: {fileID: 0}
  m_GameObject: {fileID: 590660762}
  m_Enabled: 1
  m_EditorHideFlags: 0
  m_Script: {fileID: 11500000, guid: 4f231c4fb786f3946a6b90b886c48677, type: 3}
  m_Name: 
  m_EditorClassIdentifier: 
  m_HorizontalAxis: Horizontal
  m_VerticalAxis: Vertical
  m_SubmitButton: Submit
  m_CancelButton: Cancel
  m_InputActionsPerSecond: 10
  m_RepeatDelay: 0.5
  m_ForceModuleActive: 0
--- !u!114 &590660764
MonoBehaviour:
  m_ObjectHideFlags: 0
  m_CorrespondingSourceObject: {fileID: 0}
  m_PrefabInstance: {fileID: 0}
  m_PrefabAsset: {fileID: 0}
  m_GameObject: {fileID: 590660762}
  m_Enabled: 1
  m_EditorHideFlags: 0
  m_Script: {fileID: 11500000, guid: 76c392e42b5098c458856cdf6ecaaaa1, type: 3}
  m_Name: 
  m_EditorClassIdentifier: 
  m_FirstSelected: {fileID: 0}
  m_sendNavigationEvents: 1
  m_DragThreshold: 10
--- !u!4 &590660765
Transform:
  m_ObjectHideFlags: 0
  m_CorrespondingSourceObject: {fileID: 0}
  m_PrefabInstance: {fileID: 0}
  m_PrefabAsset: {fileID: 0}
  m_GameObject: {fileID: 590660762}
  m_LocalRotation: {x: 0, y: 0, z: 0, w: 1}
  m_LocalPosition: {x: 0, y: 0, z: 0}
  m_LocalScale: {x: 1, y: 1, z: 1}
  m_Children: []
  m_Father: {fileID: 0}
  m_RootOrder: 12
  m_LocalEulerAnglesHint: {x: 0, y: 0, z: 0}
--- !u!1 &704152833
GameObject:
  m_ObjectHideFlags: 0
  m_CorrespondingSourceObject: {fileID: 0}
  m_PrefabInstance: {fileID: 0}
  m_PrefabAsset: {fileID: 0}
  serializedVersion: 6
  m_Component:
  - component: {fileID: 704152837}
  - component: {fileID: 704152836}
  - component: {fileID: 704152835}
  - component: {fileID: 704152834}
  - component: {fileID: 704152838}
  m_Layer: 0
  m_Name: TestWeight
  m_TagString: Untagged
  m_Icon: {fileID: 0}
  m_NavMeshLayer: 0
  m_StaticEditorFlags: 0
  m_IsActive: 0
--- !u!212 &704152834
SpriteRenderer:
  m_ObjectHideFlags: 0
  m_CorrespondingSourceObject: {fileID: 0}
  m_PrefabInstance: {fileID: 0}
  m_PrefabAsset: {fileID: 0}
  m_GameObject: {fileID: 704152833}
  m_Enabled: 1
  m_CastShadows: 0
  m_ReceiveShadows: 0
  m_DynamicOccludee: 1
  m_MotionVectors: 1
  m_LightProbeUsage: 1
  m_ReflectionProbeUsage: 1
  m_RayTracingMode: 0
  m_RayTraceProcedural: 0
  m_RenderingLayerMask: 1
  m_RendererPriority: 0
  m_Materials:
  - {fileID: 10754, guid: 0000000000000000f000000000000000, type: 0}
  m_StaticBatchInfo:
    firstSubMesh: 0
    subMeshCount: 0
  m_StaticBatchRoot: {fileID: 0}
  m_ProbeAnchor: {fileID: 0}
  m_LightProbeVolumeOverride: {fileID: 0}
  m_ScaleInLightmap: 1
  m_ReceiveGI: 1
  m_PreserveUVs: 0
  m_IgnoreNormalsForChartDetection: 0
  m_ImportantGI: 0
  m_StitchLightmapSeams: 1
  m_SelectedEditorRenderState: 0
  m_MinimumChartSize: 4
  m_AutoUVMaxDistance: 0.5
  m_AutoUVMaxAngle: 89
  m_LightmapParameters: {fileID: 0}
  m_SortingLayerID: 0
  m_SortingLayer: 0
  m_SortingOrder: 0
  m_Sprite: {fileID: 21300000, guid: 0588e6d9354ab7f48a480e4114a76996, type: 3}
  m_Color: {r: 1, g: 0, b: 0, a: 1}
  m_FlipX: 0
  m_FlipY: 0
  m_DrawMode: 0
  m_Size: {x: 0.98, y: 0.98}
  m_AdaptiveModeThreshold: 0.5
  m_SpriteTileMode: 0
  m_WasSpriteAssigned: 1
  m_MaskInteraction: 0
  m_SpriteSortPoint: 0
--- !u!61 &704152835
BoxCollider2D:
  m_ObjectHideFlags: 0
  m_CorrespondingSourceObject: {fileID: 0}
  m_PrefabInstance: {fileID: 0}
  m_PrefabAsset: {fileID: 0}
  m_GameObject: {fileID: 704152833}
  m_Enabled: 1
  m_Density: 1
  m_Material: {fileID: 0}
  m_IsTrigger: 0
  m_UsedByEffector: 0
  m_UsedByComposite: 0
  m_Offset: {x: 0, y: 0}
  m_SpriteTilingProperty:
    border: {x: 0, y: 0, z: 0, w: 0}
    pivot: {x: 0.5, y: 0.5}
    oldSize: {x: 0.98, y: 0.98}
    newSize: {x: 0.98, y: 0.98}
    adaptiveTilingThreshold: 0.5
    drawMode: 0
    adaptiveTiling: 0
  m_AutoTiling: 0
  serializedVersion: 2
  m_Size: {x: 1, y: 1}
  m_EdgeRadius: 0
--- !u!50 &704152836
Rigidbody2D:
  serializedVersion: 4
  m_ObjectHideFlags: 0
  m_CorrespondingSourceObject: {fileID: 0}
  m_PrefabInstance: {fileID: 0}
  m_PrefabAsset: {fileID: 0}
  m_GameObject: {fileID: 704152833}
  m_BodyType: 0
  m_Simulated: 1
  m_UseFullKinematicContacts: 0
  m_UseAutoMass: 0
  m_Mass: 50
  m_LinearDrag: 0.25
  m_AngularDrag: 0.05
  m_GravityScale: 1
  m_Material: {fileID: 0}
  m_Interpolate: 0
  m_SleepingMode: 1
  m_CollisionDetection: 0
  m_Constraints: 4
--- !u!4 &704152837
Transform:
  m_ObjectHideFlags: 0
  m_CorrespondingSourceObject: {fileID: 0}
  m_PrefabInstance: {fileID: 0}
  m_PrefabAsset: {fileID: 0}
  m_GameObject: {fileID: 704152833}
  m_LocalRotation: {x: -0, y: -0, z: -0, w: 1}
  m_LocalPosition: {x: -1.16, y: 2.7, z: 0}
  m_LocalScale: {x: 1, y: 1, z: 1}
  m_Children: []
  m_Father: {fileID: 0}
  m_RootOrder: 0
  m_LocalEulerAnglesHint: {x: 0, y: 0, z: 0}
--- !u!232 &704152838
DistanceJoint2D:
  m_ObjectHideFlags: 0
  m_CorrespondingSourceObject: {fileID: 0}
  m_PrefabInstance: {fileID: 0}
  m_PrefabAsset: {fileID: 0}
  m_GameObject: {fileID: 704152833}
  m_Enabled: 1
  serializedVersion: 4
  m_EnableCollision: 0
  m_ConnectedRigidBody: {fileID: 0}
  m_BreakForce: Infinity
  m_BreakTorque: Infinity
  m_AutoConfigureConnectedAnchor: 0
  m_Anchor: {x: 0, y: 0}
  m_ConnectedAnchor: {x: 0, y: 0}
  m_AutoConfigureDistance: 0
  m_Distance: 7
  m_MaxDistanceOnly: 0
--- !u!1001 &835906364
PrefabInstance:
  m_ObjectHideFlags: 0
  serializedVersion: 2
  m_Modification:
    m_TransformParent: {fileID: 0}
    m_Modifications:
    - target: {fileID: 5070959038973737115, guid: 0051ec022ccdb524684071458754980d, type: 3}
      propertyPath: m_Name
      value: Blue Platform (4)
      objectReference: {fileID: 0}
    - target: {fileID: 5070959038973737188, guid: 0051ec022ccdb524684071458754980d, type: 3}
      propertyPath: m_LocalPosition.x
      value: 7.79
      objectReference: {fileID: 0}
    - target: {fileID: 5070959038973737188, guid: 0051ec022ccdb524684071458754980d, type: 3}
      propertyPath: m_LocalPosition.y
      value: -35.07
      objectReference: {fileID: 0}
    - target: {fileID: 5070959038973737188, guid: 0051ec022ccdb524684071458754980d, type: 3}
      propertyPath: m_LocalPosition.z
      value: 0
      objectReference: {fileID: 0}
    - target: {fileID: 5070959038973737188, guid: 0051ec022ccdb524684071458754980d, type: 3}
      propertyPath: m_LocalRotation.x
      value: 0
      objectReference: {fileID: 0}
    - target: {fileID: 5070959038973737188, guid: 0051ec022ccdb524684071458754980d, type: 3}
      propertyPath: m_LocalRotation.y
      value: 0
      objectReference: {fileID: 0}
    - target: {fileID: 5070959038973737188, guid: 0051ec022ccdb524684071458754980d, type: 3}
      propertyPath: m_LocalRotation.z
      value: 0
      objectReference: {fileID: 0}
    - target: {fileID: 5070959038973737188, guid: 0051ec022ccdb524684071458754980d, type: 3}
      propertyPath: m_LocalRotation.w
      value: 1
      objectReference: {fileID: 0}
    - target: {fileID: 5070959038973737188, guid: 0051ec022ccdb524684071458754980d, type: 3}
      propertyPath: m_RootOrder
      value: 1
      objectReference: {fileID: 0}
    - target: {fileID: 5070959038973737188, guid: 0051ec022ccdb524684071458754980d, type: 3}
      propertyPath: m_LocalEulerAnglesHint.x
      value: 0
      objectReference: {fileID: 0}
    - target: {fileID: 5070959038973737188, guid: 0051ec022ccdb524684071458754980d, type: 3}
      propertyPath: m_LocalEulerAnglesHint.y
      value: 0
      objectReference: {fileID: 0}
    - target: {fileID: 5070959038973737188, guid: 0051ec022ccdb524684071458754980d, type: 3}
      propertyPath: m_LocalEulerAnglesHint.z
      value: 0
      objectReference: {fileID: 0}
    - target: {fileID: 5070959038973737188, guid: 0051ec022ccdb524684071458754980d, type: 3}
      propertyPath: m_LocalScale.x
      value: 16.190176
      objectReference: {fileID: 0}
    - target: {fileID: 5070959038973737188, guid: 0051ec022ccdb524684071458754980d, type: 3}
      propertyPath: m_LocalScale.y
      value: 0.9875
      objectReference: {fileID: 0}
    m_RemovedComponents: []
  m_SourcePrefab: {fileID: 100100000, guid: 0051ec022ccdb524684071458754980d, type: 3}
--- !u!1001 &848007783
PrefabInstance:
  m_ObjectHideFlags: 0
  serializedVersion: 2
  m_Modification:
    m_TransformParent: {fileID: 0}
    m_Modifications:
    - target: {fileID: 5070959038973737115, guid: 0051ec022ccdb524684071458754980d, type: 3}
      propertyPath: m_Name
      value: Blue Platform (3)
      objectReference: {fileID: 0}
    - target: {fileID: 5070959038973737188, guid: 0051ec022ccdb524684071458754980d, type: 3}
      propertyPath: m_LocalPosition.x
      value: 56.04
      objectReference: {fileID: 0}
    - target: {fileID: 5070959038973737188, guid: 0051ec022ccdb524684071458754980d, type: 3}
      propertyPath: m_LocalPosition.y
      value: -35.03
      objectReference: {fileID: 0}
    - target: {fileID: 5070959038973737188, guid: 0051ec022ccdb524684071458754980d, type: 3}
      propertyPath: m_LocalPosition.z
      value: 0
      objectReference: {fileID: 0}
    - target: {fileID: 5070959038973737188, guid: 0051ec022ccdb524684071458754980d, type: 3}
      propertyPath: m_LocalRotation.x
      value: 0
      objectReference: {fileID: 0}
    - target: {fileID: 5070959038973737188, guid: 0051ec022ccdb524684071458754980d, type: 3}
      propertyPath: m_LocalRotation.y
      value: 0
      objectReference: {fileID: 0}
    - target: {fileID: 5070959038973737188, guid: 0051ec022ccdb524684071458754980d, type: 3}
      propertyPath: m_LocalRotation.z
      value: 0
      objectReference: {fileID: 0}
    - target: {fileID: 5070959038973737188, guid: 0051ec022ccdb524684071458754980d, type: 3}
      propertyPath: m_LocalRotation.w
      value: 1
      objectReference: {fileID: 0}
    - target: {fileID: 5070959038973737188, guid: 0051ec022ccdb524684071458754980d, type: 3}
      propertyPath: m_RootOrder
      value: 4
      objectReference: {fileID: 0}
    - target: {fileID: 5070959038973737188, guid: 0051ec022ccdb524684071458754980d, type: 3}
      propertyPath: m_LocalEulerAnglesHint.x
      value: 0
      objectReference: {fileID: 0}
    - target: {fileID: 5070959038973737188, guid: 0051ec022ccdb524684071458754980d, type: 3}
      propertyPath: m_LocalEulerAnglesHint.y
      value: 0
      objectReference: {fileID: 0}
    - target: {fileID: 5070959038973737188, guid: 0051ec022ccdb524684071458754980d, type: 3}
      propertyPath: m_LocalEulerAnglesHint.z
      value: 0
      objectReference: {fileID: 0}
    m_RemovedComponents: []
  m_SourcePrefab: {fileID: 100100000, guid: 0051ec022ccdb524684071458754980d, type: 3}
--- !u!1001 &966642780
PrefabInstance:
  m_ObjectHideFlags: 0
  serializedVersion: 2
  m_Modification:
    m_TransformParent: {fileID: 0}
    m_Modifications:
    - target: {fileID: 5070959038973737115, guid: 0051ec022ccdb524684071458754980d, type: 3}
      propertyPath: m_Name
      value: Blue Platform
      objectReference: {fileID: 0}
    - target: {fileID: 5070959038973737188, guid: 0051ec022ccdb524684071458754980d, type: 3}
      propertyPath: m_LocalPosition.x
      value: 12.2
      objectReference: {fileID: 0}
    - target: {fileID: 5070959038973737188, guid: 0051ec022ccdb524684071458754980d, type: 3}
      propertyPath: m_LocalPosition.y
      value: -18.45
      objectReference: {fileID: 0}
    - target: {fileID: 5070959038973737188, guid: 0051ec022ccdb524684071458754980d, type: 3}
      propertyPath: m_LocalPosition.z
      value: 0
      objectReference: {fileID: 0}
    - target: {fileID: 5070959038973737188, guid: 0051ec022ccdb524684071458754980d, type: 3}
      propertyPath: m_LocalRotation.x
      value: 0
      objectReference: {fileID: 0}
    - target: {fileID: 5070959038973737188, guid: 0051ec022ccdb524684071458754980d, type: 3}
      propertyPath: m_LocalRotation.y
      value: 0
      objectReference: {fileID: 0}
    - target: {fileID: 5070959038973737188, guid: 0051ec022ccdb524684071458754980d, type: 3}
      propertyPath: m_LocalRotation.z
      value: 0
      objectReference: {fileID: 0}
    - target: {fileID: 5070959038973737188, guid: 0051ec022ccdb524684071458754980d, type: 3}
      propertyPath: m_LocalRotation.w
      value: 1
      objectReference: {fileID: 0}
    - target: {fileID: 5070959038973737188, guid: 0051ec022ccdb524684071458754980d, type: 3}
      propertyPath: m_RootOrder
      value: 7
      objectReference: {fileID: 0}
    - target: {fileID: 5070959038973737188, guid: 0051ec022ccdb524684071458754980d, type: 3}
      propertyPath: m_LocalEulerAnglesHint.x
      value: 0
      objectReference: {fileID: 0}
    - target: {fileID: 5070959038973737188, guid: 0051ec022ccdb524684071458754980d, type: 3}
      propertyPath: m_LocalEulerAnglesHint.y
      value: 0
      objectReference: {fileID: 0}
    - target: {fileID: 5070959038973737188, guid: 0051ec022ccdb524684071458754980d, type: 3}
      propertyPath: m_LocalEulerAnglesHint.z
      value: 0
      objectReference: {fileID: 0}
    - target: {fileID: 5070959038973737188, guid: 0051ec022ccdb524684071458754980d, type: 3}
      propertyPath: m_LocalScale.x
      value: 19.070839
      objectReference: {fileID: 0}
    m_RemovedComponents: []
  m_SourcePrefab: {fileID: 100100000, guid: 0051ec022ccdb524684071458754980d, type: 3}
--- !u!224 &1228218010 stripped
RectTransform:
  m_CorrespondingSourceObject: {fileID: 6175415992628305004, guid: 82dc5b0f2b1c3cc479f04b031f8baa3c, type: 3}
  m_PrefabInstance: {fileID: 6175415991704830710}
  m_PrefabAsset: {fileID: 0}
--- !u!1001 &1238611776
PrefabInstance:
  m_ObjectHideFlags: 0
  serializedVersion: 2
  m_Modification:
    m_TransformParent: {fileID: 0}
    m_Modifications:
    - target: {fileID: 5070959038973737115, guid: 54aa9c146f2c06d4baa407d3e1fa6b16, type: 3}
      propertyPath: m_Name
      value: Red Platfom (1)
      objectReference: {fileID: 0}
    - target: {fileID: 5070959038973737188, guid: 54aa9c146f2c06d4baa407d3e1fa6b16, type: 3}
      propertyPath: m_LocalPosition.x
      value: 29.96
      objectReference: {fileID: 0}
    - target: {fileID: 5070959038973737188, guid: 54aa9c146f2c06d4baa407d3e1fa6b16, type: 3}
      propertyPath: m_LocalPosition.y
      value: -39.03
      objectReference: {fileID: 0}
    - target: {fileID: 5070959038973737188, guid: 54aa9c146f2c06d4baa407d3e1fa6b16, type: 3}
      propertyPath: m_LocalPosition.z
      value: 0
      objectReference: {fileID: 0}
    - target: {fileID: 5070959038973737188, guid: 54aa9c146f2c06d4baa407d3e1fa6b16, type: 3}
      propertyPath: m_LocalRotation.x
      value: 0
      objectReference: {fileID: 0}
    - target: {fileID: 5070959038973737188, guid: 54aa9c146f2c06d4baa407d3e1fa6b16, type: 3}
      propertyPath: m_LocalRotation.y
      value: 0
      objectReference: {fileID: 0}
    - target: {fileID: 5070959038973737188, guid: 54aa9c146f2c06d4baa407d3e1fa6b16, type: 3}
      propertyPath: m_LocalRotation.z
      value: 0
      objectReference: {fileID: 0}
    - target: {fileID: 5070959038973737188, guid: 54aa9c146f2c06d4baa407d3e1fa6b16, type: 3}
      propertyPath: m_LocalRotation.w
      value: 1
      objectReference: {fileID: 0}
    - target: {fileID: 5070959038973737188, guid: 54aa9c146f2c06d4baa407d3e1fa6b16, type: 3}
      propertyPath: m_RootOrder
      value: 2
      objectReference: {fileID: 0}
    - target: {fileID: 5070959038973737188, guid: 54aa9c146f2c06d4baa407d3e1fa6b16, type: 3}
      propertyPath: m_LocalEulerAnglesHint.x
      value: 0
      objectReference: {fileID: 0}
    - target: {fileID: 5070959038973737188, guid: 54aa9c146f2c06d4baa407d3e1fa6b16, type: 3}
      propertyPath: m_LocalEulerAnglesHint.y
      value: 0
      objectReference: {fileID: 0}
    - target: {fileID: 5070959038973737188, guid: 54aa9c146f2c06d4baa407d3e1fa6b16, type: 3}
      propertyPath: m_LocalEulerAnglesHint.z
      value: 0
      objectReference: {fileID: 0}
    m_RemovedComponents: []
  m_SourcePrefab: {fileID: 100100000, guid: 54aa9c146f2c06d4baa407d3e1fa6b16, type: 3}
--- !u!1 &1479240024
GameObject:
  m_ObjectHideFlags: 0
  m_CorrespondingSourceObject: {fileID: 0}
  m_PrefabInstance: {fileID: 0}
  m_PrefabAsset: {fileID: 0}
  serializedVersion: 6
  m_Component:
  - component: {fileID: 1479240025}
  m_Layer: 0
  m_Name: Platforms
  m_TagString: Untagged
  m_Icon: {fileID: 0}
  m_NavMeshLayer: 0
  m_StaticEditorFlags: 0
  m_IsActive: 1
--- !u!4 &1479240025
Transform:
  m_ObjectHideFlags: 0
  m_CorrespondingSourceObject: {fileID: 0}
  m_PrefabInstance: {fileID: 0}
  m_PrefabAsset: {fileID: 0}
  m_GameObject: {fileID: 1479240024}
  m_LocalRotation: {x: 0, y: 0, z: 0, w: 1}
  m_LocalPosition: {x: 2.806595, y: -13.067818, z: 0}
  m_LocalScale: {x: 1, y: 1, z: 1}
  m_Children: []
  m_Father: {fileID: 0}
  m_RootOrder: 11
  m_LocalEulerAnglesHint: {x: 0, y: 0, z: 0}
--- !u!1001 &1740010009
PrefabInstance:
  m_ObjectHideFlags: 0
  serializedVersion: 2
  m_Modification:
    m_TransformParent: {fileID: 0}
    m_Modifications:
    - target: {fileID: 5070959038973737115, guid: 54aa9c146f2c06d4baa407d3e1fa6b16, type: 3}
      propertyPath: m_Name
      value: Red Platfom
      objectReference: {fileID: 0}
    - target: {fileID: 5070959038973737188, guid: 54aa9c146f2c06d4baa407d3e1fa6b16, type: 3}
      propertyPath: m_LocalPosition.x
      value: 36.768593
      objectReference: {fileID: 0}
    - target: {fileID: 5070959038973737188, guid: 54aa9c146f2c06d4baa407d3e1fa6b16, type: 3}
      propertyPath: m_LocalPosition.y
      value: -24.149336
      objectReference: {fileID: 0}
    - target: {fileID: 5070959038973737188, guid: 54aa9c146f2c06d4baa407d3e1fa6b16, type: 3}
      propertyPath: m_LocalPosition.z
      value: 0
      objectReference: {fileID: 0}
    - target: {fileID: 5070959038973737188, guid: 54aa9c146f2c06d4baa407d3e1fa6b16, type: 3}
      propertyPath: m_LocalRotation.x
      value: 0
      objectReference: {fileID: 0}
    - target: {fileID: 5070959038973737188, guid: 54aa9c146f2c06d4baa407d3e1fa6b16, type: 3}
      propertyPath: m_LocalRotation.y
      value: 0
      objectReference: {fileID: 0}
    - target: {fileID: 5070959038973737188, guid: 54aa9c146f2c06d4baa407d3e1fa6b16, type: 3}
      propertyPath: m_LocalRotation.z
      value: 0
      objectReference: {fileID: 0}
    - target: {fileID: 5070959038973737188, guid: 54aa9c146f2c06d4baa407d3e1fa6b16, type: 3}
      propertyPath: m_LocalRotation.w
      value: 1
      objectReference: {fileID: 0}
    - target: {fileID: 5070959038973737188, guid: 54aa9c146f2c06d4baa407d3e1fa6b16, type: 3}
      propertyPath: m_RootOrder
      value: 3
      objectReference: {fileID: 0}
    - target: {fileID: 5070959038973737188, guid: 54aa9c146f2c06d4baa407d3e1fa6b16, type: 3}
      propertyPath: m_LocalEulerAnglesHint.x
      value: 0
      objectReference: {fileID: 0}
    - target: {fileID: 5070959038973737188, guid: 54aa9c146f2c06d4baa407d3e1fa6b16, type: 3}
      propertyPath: m_LocalEulerAnglesHint.y
      value: 0
      objectReference: {fileID: 0}
    - target: {fileID: 5070959038973737188, guid: 54aa9c146f2c06d4baa407d3e1fa6b16, type: 3}
      propertyPath: m_LocalEulerAnglesHint.z
      value: 0
      objectReference: {fileID: 0}
    m_RemovedComponents: []
  m_SourcePrefab: {fileID: 100100000, guid: 54aa9c146f2c06d4baa407d3e1fa6b16, type: 3}
--- !u!224 &1757928624 stripped
RectTransform:
  m_CorrespondingSourceObject: {fileID: 7228769938408190884, guid: db87ccda3c975554ab6453de34d452dc, type: 3}
  m_PrefabInstance: {fileID: 7228769940139962132}
  m_PrefabAsset: {fileID: 0}
--- !u!1 &1946452238
GameObject:
  m_ObjectHideFlags: 0
  m_CorrespondingSourceObject: {fileID: 0}
  m_PrefabInstance: {fileID: 0}
  m_PrefabAsset: {fileID: 0}
  serializedVersion: 6
  m_Component:
  - component: {fileID: 1946452239}
  m_Layer: 0
  m_Name: Button Prompts
  m_TagString: Untagged
  m_Icon: {fileID: 0}
  m_NavMeshLayer: 0
  m_StaticEditorFlags: 0
  m_IsActive: 1
--- !u!4 &1946452239
Transform:
  m_ObjectHideFlags: 0
  m_CorrespondingSourceObject: {fileID: 0}
  m_PrefabInstance: {fileID: 0}
  m_PrefabAsset: {fileID: 0}
  m_GameObject: {fileID: 1946452238}
  m_LocalRotation: {x: 0, y: 0, z: 0, w: 1}
  m_LocalPosition: {x: 203.58705, y: 195.82442, z: -75.97048}
  m_LocalScale: {x: 1, y: 1, z: 1}
  m_Children:
  - {fileID: 1228218010}
  - {fileID: 1757928624}
  - {fileID: 13455705}
  m_Father: {fileID: 0}
  m_RootOrder: 13
  m_LocalEulerAnglesHint: {x: 0, y: 0, z: 0}
--- !u!1001 &2029715909
PrefabInstance:
  m_ObjectHideFlags: 0
  serializedVersion: 2
  m_Modification:
    m_TransformParent: {fileID: 0}
    m_Modifications:
    - target: {fileID: 5070959038973737115, guid: 0051ec022ccdb524684071458754980d, type: 3}
      propertyPath: m_Name
      value: Blue Platform (1)
      objectReference: {fileID: 0}
    - target: {fileID: 5070959038973737188, guid: 0051ec022ccdb524684071458754980d, type: 3}
      propertyPath: m_LocalPosition.x
      value: -4.46
      objectReference: {fileID: 0}
    - target: {fileID: 5070959038973737188, guid: 0051ec022ccdb524684071458754980d, type: 3}
      propertyPath: m_LocalPosition.y
      value: -25.08
      objectReference: {fileID: 0}
    - target: {fileID: 5070959038973737188, guid: 0051ec022ccdb524684071458754980d, type: 3}
      propertyPath: m_LocalPosition.z
      value: 0
      objectReference: {fileID: 0}
    - target: {fileID: 5070959038973737188, guid: 0051ec022ccdb524684071458754980d, type: 3}
      propertyPath: m_LocalRotation.x
      value: 0
      objectReference: {fileID: 0}
    - target: {fileID: 5070959038973737188, guid: 0051ec022ccdb524684071458754980d, type: 3}
      propertyPath: m_LocalRotation.y
      value: 0
      objectReference: {fileID: 0}
    - target: {fileID: 5070959038973737188, guid: 0051ec022ccdb524684071458754980d, type: 3}
      propertyPath: m_LocalRotation.z
      value: 0
      objectReference: {fileID: 0}
    - target: {fileID: 5070959038973737188, guid: 0051ec022ccdb524684071458754980d, type: 3}
      propertyPath: m_LocalRotation.w
      value: 1
      objectReference: {fileID: 0}
    - target: {fileID: 5070959038973737188, guid: 0051ec022ccdb524684071458754980d, type: 3}
      propertyPath: m_RootOrder
      value: 9
      objectReference: {fileID: 0}
    - target: {fileID: 5070959038973737188, guid: 0051ec022ccdb524684071458754980d, type: 3}
      propertyPath: m_LocalEulerAnglesHint.x
      value: 0
      objectReference: {fileID: 0}
    - target: {fileID: 5070959038973737188, guid: 0051ec022ccdb524684071458754980d, type: 3}
      propertyPath: m_LocalEulerAnglesHint.y
      value: 0
      objectReference: {fileID: 0}
    - target: {fileID: 5070959038973737188, guid: 0051ec022ccdb524684071458754980d, type: 3}
      propertyPath: m_LocalEulerAnglesHint.z
      value: 0
      objectReference: {fileID: 0}
    - target: {fileID: 5070959038973737188, guid: 0051ec022ccdb524684071458754980d, type: 3}
      propertyPath: m_LocalScale.x
      value: 19.070839
      objectReference: {fileID: 0}
    m_RemovedComponents: []
  m_SourcePrefab: {fileID: 100100000, guid: 0051ec022ccdb524684071458754980d, type: 3}
--- !u!1001 &2034447601
PrefabInstance:
  m_ObjectHideFlags: 0
  serializedVersion: 2
  m_Modification:
    m_TransformParent: {fileID: 0}
    m_Modifications:
    - target: {fileID: 56400298281933243, guid: 2d703f47b32cadc41a76a4ab4294725a, type: 3}
      propertyPath: m_Name
      value: BlueCharacter
      objectReference: {fileID: 0}
    - target: {fileID: 1526471174232477948, guid: 2d703f47b32cadc41a76a4ab4294725a, type: 3}
      propertyPath: m_ConnectedRigidBody
      value: 
      objectReference: {fileID: 0}
    - target: {fileID: 1526471174232477948, guid: 2d703f47b32cadc41a76a4ab4294725a, type: 3}
      propertyPath: m_Enabled
      value: 0
      objectReference: {fileID: 0}
    - target: {fileID: 2860143918973913190, guid: 2d703f47b32cadc41a76a4ab4294725a, type: 3}
      propertyPath: m_LocalPosition.x
      value: 12.465
      objectReference: {fileID: 0}
    - target: {fileID: 2860143918973913190, guid: 2d703f47b32cadc41a76a4ab4294725a, type: 3}
      propertyPath: m_LocalPosition.y
      value: -16.390001
      objectReference: {fileID: 0}
    - target: {fileID: 2860143918973913190, guid: 2d703f47b32cadc41a76a4ab4294725a, type: 3}
      propertyPath: m_LocalPosition.z
      value: 0
      objectReference: {fileID: 0}
    - target: {fileID: 2860143918973913190, guid: 2d703f47b32cadc41a76a4ab4294725a, type: 3}
      propertyPath: m_LocalRotation.x
      value: 0
      objectReference: {fileID: 0}
    - target: {fileID: 2860143918973913190, guid: 2d703f47b32cadc41a76a4ab4294725a, type: 3}
      propertyPath: m_LocalRotation.y
      value: 0
      objectReference: {fileID: 0}
    - target: {fileID: 2860143918973913190, guid: 2d703f47b32cadc41a76a4ab4294725a, type: 3}
      propertyPath: m_LocalRotation.z
      value: 0
      objectReference: {fileID: 0}
    - target: {fileID: 2860143918973913190, guid: 2d703f47b32cadc41a76a4ab4294725a, type: 3}
      propertyPath: m_LocalRotation.w
      value: 1
      objectReference: {fileID: 0}
    - target: {fileID: 2860143918973913190, guid: 2d703f47b32cadc41a76a4ab4294725a, type: 3}
      propertyPath: m_RootOrder
      value: 5
      objectReference: {fileID: 0}
    - target: {fileID: 2860143918973913190, guid: 2d703f47b32cadc41a76a4ab4294725a, type: 3}
      propertyPath: m_LocalEulerAnglesHint.x
      value: 0
      objectReference: {fileID: 0}
    - target: {fileID: 2860143918973913190, guid: 2d703f47b32cadc41a76a4ab4294725a, type: 3}
      propertyPath: m_LocalEulerAnglesHint.y
      value: 0
      objectReference: {fileID: 0}
    - target: {fileID: 2860143918973913190, guid: 2d703f47b32cadc41a76a4ab4294725a, type: 3}
      propertyPath: m_LocalEulerAnglesHint.z
      value: 0
      objectReference: {fileID: 0}
    m_RemovedComponents: []
  m_SourcePrefab: {fileID: 100100000, guid: 2d703f47b32cadc41a76a4ab4294725a, type: 3}
--- !u!1001 &2146680752
PrefabInstance:
  m_ObjectHideFlags: 0
  serializedVersion: 2
  m_Modification:
    m_TransformParent: {fileID: 0}
    m_Modifications:
    - target: {fileID: 5070959038973737115, guid: 0051ec022ccdb524684071458754980d, type: 3}
      propertyPath: m_Name
      value: Blue Platform (2)
      objectReference: {fileID: 0}
    - target: {fileID: 5070959038973737188, guid: 0051ec022ccdb524684071458754980d, type: 3}
      propertyPath: m_LocalPosition.x
      value: 29.91
      objectReference: {fileID: 0}
    - target: {fileID: 5070959038973737188, guid: 0051ec022ccdb524684071458754980d, type: 3}
      propertyPath: m_LocalPosition.y
      value: -31.25
      objectReference: {fileID: 0}
    - target: {fileID: 5070959038973737188, guid: 0051ec022ccdb524684071458754980d, type: 3}
      propertyPath: m_LocalPosition.z
      value: 0
      objectReference: {fileID: 0}
    - target: {fileID: 5070959038973737188, guid: 0051ec022ccdb524684071458754980d, type: 3}
      propertyPath: m_LocalRotation.x
      value: 0
      objectReference: {fileID: 0}
    - target: {fileID: 5070959038973737188, guid: 0051ec022ccdb524684071458754980d, type: 3}
      propertyPath: m_LocalRotation.y
      value: 0
      objectReference: {fileID: 0}
    - target: {fileID: 5070959038973737188, guid: 0051ec022ccdb524684071458754980d, type: 3}
      propertyPath: m_LocalRotation.z
      value: 0
      objectReference: {fileID: 0}
    - target: {fileID: 5070959038973737188, guid: 0051ec022ccdb524684071458754980d, type: 3}
      propertyPath: m_LocalRotation.w
      value: 1
      objectReference: {fileID: 0}
    - target: {fileID: 5070959038973737188, guid: 0051ec022ccdb524684071458754980d, type: 3}
      propertyPath: m_RootOrder
      value: 6
      objectReference: {fileID: 0}
    - target: {fileID: 5070959038973737188, guid: 0051ec022ccdb524684071458754980d, type: 3}
      propertyPath: m_LocalEulerAnglesHint.x
      value: 0
      objectReference: {fileID: 0}
    - target: {fileID: 5070959038973737188, guid: 0051ec022ccdb524684071458754980d, type: 3}
      propertyPath: m_LocalEulerAnglesHint.y
      value: 0
      objectReference: {fileID: 0}
    - target: {fileID: 5070959038973737188, guid: 0051ec022ccdb524684071458754980d, type: 3}
      propertyPath: m_LocalEulerAnglesHint.z
      value: 0
      objectReference: {fileID: 0}
    m_RemovedComponents: []
  m_SourcePrefab: {fileID: 100100000, guid: 0051ec022ccdb524684071458754980d, type: 3}
--- !u!1001 &1869315242017059916
PrefabInstance:
  m_ObjectHideFlags: 0
  serializedVersion: 2
  m_Modification:
    m_TransformParent: {fileID: 1946452239}
    m_Modifications:
    - target: {fileID: 1869315241489817222, guid: 0b11d13738fa8fa4a8692edc543136f7, type: 3}
      propertyPath: m_AnchoredPosition.y
      value: 199
      objectReference: {fileID: 0}
    - target: {fileID: 1869315242013173013, guid: 0b11d13738fa8fa4a8692edc543136f7, type: 3}
      propertyPath: m_LocalPosition.x
      value: 0
      objectReference: {fileID: 0}
    - target: {fileID: 1869315242013173013, guid: 0b11d13738fa8fa4a8692edc543136f7, type: 3}
      propertyPath: m_LocalPosition.y
      value: 0
      objectReference: {fileID: 0}
    - target: {fileID: 1869315242013173013, guid: 0b11d13738fa8fa4a8692edc543136f7, type: 3}
      propertyPath: m_LocalPosition.z
      value: 0
      objectReference: {fileID: 0}
    - target: {fileID: 1869315242013173013, guid: 0b11d13738fa8fa4a8692edc543136f7, type: 3}
      propertyPath: m_LocalRotation.x
      value: 0
      objectReference: {fileID: 0}
    - target: {fileID: 1869315242013173013, guid: 0b11d13738fa8fa4a8692edc543136f7, type: 3}
      propertyPath: m_LocalRotation.y
      value: 0
      objectReference: {fileID: 0}
    - target: {fileID: 1869315242013173013, guid: 0b11d13738fa8fa4a8692edc543136f7, type: 3}
      propertyPath: m_LocalRotation.z
      value: 0
      objectReference: {fileID: 0}
    - target: {fileID: 1869315242013173013, guid: 0b11d13738fa8fa4a8692edc543136f7, type: 3}
      propertyPath: m_LocalRotation.w
      value: 1
      objectReference: {fileID: 0}
    - target: {fileID: 1869315242013173013, guid: 0b11d13738fa8fa4a8692edc543136f7, type: 3}
      propertyPath: m_RootOrder
      value: 2
      objectReference: {fileID: 0}
    - target: {fileID: 1869315242013173013, guid: 0b11d13738fa8fa4a8692edc543136f7, type: 3}
      propertyPath: m_LocalEulerAnglesHint.x
      value: 0
      objectReference: {fileID: 0}
    - target: {fileID: 1869315242013173013, guid: 0b11d13738fa8fa4a8692edc543136f7, type: 3}
      propertyPath: m_LocalEulerAnglesHint.y
      value: 0
      objectReference: {fileID: 0}
    - target: {fileID: 1869315242013173013, guid: 0b11d13738fa8fa4a8692edc543136f7, type: 3}
      propertyPath: m_LocalEulerAnglesHint.z
      value: 0
      objectReference: {fileID: 0}
    - target: {fileID: 1869315242013173013, guid: 0b11d13738fa8fa4a8692edc543136f7, type: 3}
      propertyPath: m_AnchoredPosition.x
      value: 0
      objectReference: {fileID: 0}
    - target: {fileID: 1869315242013173013, guid: 0b11d13738fa8fa4a8692edc543136f7, type: 3}
      propertyPath: m_AnchoredPosition.y
      value: 0
      objectReference: {fileID: 0}
    - target: {fileID: 1869315242013173013, guid: 0b11d13738fa8fa4a8692edc543136f7, type: 3}
      propertyPath: m_SizeDelta.x
      value: 0
      objectReference: {fileID: 0}
    - target: {fileID: 1869315242013173013, guid: 0b11d13738fa8fa4a8692edc543136f7, type: 3}
      propertyPath: m_SizeDelta.y
      value: 0
      objectReference: {fileID: 0}
    - target: {fileID: 1869315242013173013, guid: 0b11d13738fa8fa4a8692edc543136f7, type: 3}
      propertyPath: m_AnchorMin.x
      value: 0
      objectReference: {fileID: 0}
    - target: {fileID: 1869315242013173013, guid: 0b11d13738fa8fa4a8692edc543136f7, type: 3}
      propertyPath: m_AnchorMin.y
      value: 0
      objectReference: {fileID: 0}
    - target: {fileID: 1869315242013173013, guid: 0b11d13738fa8fa4a8692edc543136f7, type: 3}
      propertyPath: m_AnchorMax.x
      value: 0
      objectReference: {fileID: 0}
    - target: {fileID: 1869315242013173013, guid: 0b11d13738fa8fa4a8692edc543136f7, type: 3}
      propertyPath: m_AnchorMax.y
      value: 0
      objectReference: {fileID: 0}
    - target: {fileID: 1869315242013173013, guid: 0b11d13738fa8fa4a8692edc543136f7, type: 3}
      propertyPath: m_Pivot.x
      value: 0
      objectReference: {fileID: 0}
    - target: {fileID: 1869315242013173013, guid: 0b11d13738fa8fa4a8692edc543136f7, type: 3}
      propertyPath: m_Pivot.y
      value: 0
      objectReference: {fileID: 0}
    - target: {fileID: 1869315242013173017, guid: 0b11d13738fa8fa4a8692edc543136f7, type: 3}
      propertyPath: m_Name
      value: Space Canvas
      objectReference: {fileID: 0}
    - target: {fileID: 1869315242013173017, guid: 0b11d13738fa8fa4a8692edc543136f7, type: 3}
      propertyPath: m_IsActive
      value: 1
      objectReference: {fileID: 0}
    - target: {fileID: 2090599324099189377, guid: 0b11d13738fa8fa4a8692edc543136f7, type: 3}
      propertyPath: StartFullAlpha
      value: 1
      objectReference: {fileID: 0}
    - target: {fileID: 2090599324099189377, guid: 0b11d13738fa8fa4a8692edc543136f7, type: 3}
      propertyPath: delay
      value: 0
      objectReference: {fileID: 0}
    m_RemovedComponents: []
  m_SourcePrefab: {fileID: 100100000, guid: 0b11d13738fa8fa4a8692edc543136f7, type: 3}
--- !u!1001 &1887787120609421488
PrefabInstance:
  m_ObjectHideFlags: 0
  serializedVersion: 2
  m_Modification:
    m_TransformParent: {fileID: 0}
    m_Modifications:
    - target: {fileID: 1622290660, guid: 641223f8b21bb22448e08ac90398424f, type: 3}
      propertyPath: onlyBlue
      value: 1
      objectReference: {fileID: 0}
    - target: {fileID: 3147072262935221656, guid: 641223f8b21bb22448e08ac90398424f, type: 3}
      propertyPath: m_LocalPosition.x
      value: 0
      objectReference: {fileID: 0}
    - target: {fileID: 3147072262935221656, guid: 641223f8b21bb22448e08ac90398424f, type: 3}
      propertyPath: m_LocalPosition.y
      value: 0.46
      objectReference: {fileID: 0}
    - target: {fileID: 3147072262935221656, guid: 641223f8b21bb22448e08ac90398424f, type: 3}
      propertyPath: m_LocalPosition.z
      value: -10
      objectReference: {fileID: 0}
    - target: {fileID: 3147072262935221656, guid: 641223f8b21bb22448e08ac90398424f, type: 3}
      propertyPath: m_LocalRotation.x
      value: -0
      objectReference: {fileID: 0}
    - target: {fileID: 3147072262935221656, guid: 641223f8b21bb22448e08ac90398424f, type: 3}
      propertyPath: m_LocalRotation.y
      value: -0
      objectReference: {fileID: 0}
    - target: {fileID: 3147072262935221656, guid: 641223f8b21bb22448e08ac90398424f, type: 3}
      propertyPath: m_LocalRotation.z
      value: -0
      objectReference: {fileID: 0}
    - target: {fileID: 3147072262935221656, guid: 641223f8b21bb22448e08ac90398424f, type: 3}
      propertyPath: m_LocalRotation.w
      value: 1
      objectReference: {fileID: 0}
    - target: {fileID: 3147072262935221656, guid: 641223f8b21bb22448e08ac90398424f, type: 3}
      propertyPath: m_RootOrder
      value: 8
      objectReference: {fileID: 0}
    - target: {fileID: 3147072262935221656, guid: 641223f8b21bb22448e08ac90398424f, type: 3}
      propertyPath: m_LocalEulerAnglesHint.x
      value: 0
      objectReference: {fileID: 0}
    - target: {fileID: 3147072262935221656, guid: 641223f8b21bb22448e08ac90398424f, type: 3}
      propertyPath: m_LocalEulerAnglesHint.y
      value: 0
      objectReference: {fileID: 0}
    - target: {fileID: 3147072262935221656, guid: 641223f8b21bb22448e08ac90398424f, type: 3}
      propertyPath: m_LocalEulerAnglesHint.z
      value: 0
      objectReference: {fileID: 0}
    - target: {fileID: 5451584964426134621, guid: 641223f8b21bb22448e08ac90398424f, type: 3}
      propertyPath: m_Name
      value: Main Camera
      objectReference: {fileID: 0}
    - target: {fileID: 7976780527662267959, guid: 641223f8b21bb22448e08ac90398424f, type: 3}
      propertyPath: orthographic size
      value: 18
      objectReference: {fileID: 0}
    m_RemovedComponents: []
  m_SourcePrefab: {fileID: 100100000, guid: 641223f8b21bb22448e08ac90398424f, type: 3}
--- !u!1001 &6175415991704830710
PrefabInstance:
  m_ObjectHideFlags: 0
  serializedVersion: 2
  m_Modification:
    m_TransformParent: {fileID: 1946452239}
    m_Modifications:
    - target: {fileID: 5768757745876753991, guid: 82dc5b0f2b1c3cc479f04b031f8baa3c, type: 3}
      propertyPath: delay
      value: 0
      objectReference: {fileID: 0}
    - target: {fileID: 5768757745876753991, guid: 82dc5b0f2b1c3cc479f04b031f8baa3c, type: 3}
      propertyPath: StartFullAlpha
      value: 1
      objectReference: {fileID: 0}
    - target: {fileID: 6175415992512399980, guid: 82dc5b0f2b1c3cc479f04b031f8baa3c, type: 3}
      propertyPath: m_AnchoredPosition.y
      value: 298
      objectReference: {fileID: 0}
    - target: {fileID: 6175415992628304992, guid: 82dc5b0f2b1c3cc479f04b031f8baa3c, type: 3}
      propertyPath: m_Name
      value: WASD Canvas
      objectReference: {fileID: 0}
    - target: {fileID: 6175415992628305004, guid: 82dc5b0f2b1c3cc479f04b031f8baa3c, type: 3}
      propertyPath: m_LocalPosition.x
      value: 0
      objectReference: {fileID: 0}
    - target: {fileID: 6175415992628305004, guid: 82dc5b0f2b1c3cc479f04b031f8baa3c, type: 3}
      propertyPath: m_LocalPosition.y
      value: 0
      objectReference: {fileID: 0}
    - target: {fileID: 6175415992628305004, guid: 82dc5b0f2b1c3cc479f04b031f8baa3c, type: 3}
      propertyPath: m_LocalPosition.z
      value: 0
      objectReference: {fileID: 0}
    - target: {fileID: 6175415992628305004, guid: 82dc5b0f2b1c3cc479f04b031f8baa3c, type: 3}
      propertyPath: m_LocalRotation.x
      value: 0
      objectReference: {fileID: 0}
    - target: {fileID: 6175415992628305004, guid: 82dc5b0f2b1c3cc479f04b031f8baa3c, type: 3}
      propertyPath: m_LocalRotation.y
      value: 0
      objectReference: {fileID: 0}
    - target: {fileID: 6175415992628305004, guid: 82dc5b0f2b1c3cc479f04b031f8baa3c, type: 3}
      propertyPath: m_LocalRotation.z
      value: 0
      objectReference: {fileID: 0}
    - target: {fileID: 6175415992628305004, guid: 82dc5b0f2b1c3cc479f04b031f8baa3c, type: 3}
      propertyPath: m_LocalRotation.w
      value: 1
      objectReference: {fileID: 0}
    - target: {fileID: 6175415992628305004, guid: 82dc5b0f2b1c3cc479f04b031f8baa3c, type: 3}
      propertyPath: m_RootOrder
      value: 0
      objectReference: {fileID: 0}
    - target: {fileID: 6175415992628305004, guid: 82dc5b0f2b1c3cc479f04b031f8baa3c, type: 3}
      propertyPath: m_LocalEulerAnglesHint.x
      value: 0
      objectReference: {fileID: 0}
    - target: {fileID: 6175415992628305004, guid: 82dc5b0f2b1c3cc479f04b031f8baa3c, type: 3}
      propertyPath: m_LocalEulerAnglesHint.y
      value: 0
      objectReference: {fileID: 0}
    - target: {fileID: 6175415992628305004, guid: 82dc5b0f2b1c3cc479f04b031f8baa3c, type: 3}
      propertyPath: m_LocalEulerAnglesHint.z
      value: 0
      objectReference: {fileID: 0}
    - target: {fileID: 6175415992628305004, guid: 82dc5b0f2b1c3cc479f04b031f8baa3c, type: 3}
      propertyPath: m_AnchoredPosition.x
      value: 0
      objectReference: {fileID: 0}
    - target: {fileID: 6175415992628305004, guid: 82dc5b0f2b1c3cc479f04b031f8baa3c, type: 3}
      propertyPath: m_AnchoredPosition.y
      value: 0
      objectReference: {fileID: 0}
    - target: {fileID: 6175415992628305004, guid: 82dc5b0f2b1c3cc479f04b031f8baa3c, type: 3}
      propertyPath: m_SizeDelta.x
      value: 0
      objectReference: {fileID: 0}
    - target: {fileID: 6175415992628305004, guid: 82dc5b0f2b1c3cc479f04b031f8baa3c, type: 3}
      propertyPath: m_SizeDelta.y
      value: 0
      objectReference: {fileID: 0}
    - target: {fileID: 6175415992628305004, guid: 82dc5b0f2b1c3cc479f04b031f8baa3c, type: 3}
      propertyPath: m_AnchorMin.x
      value: 0
      objectReference: {fileID: 0}
    - target: {fileID: 6175415992628305004, guid: 82dc5b0f2b1c3cc479f04b031f8baa3c, type: 3}
      propertyPath: m_AnchorMin.y
      value: 0
      objectReference: {fileID: 0}
    - target: {fileID: 6175415992628305004, guid: 82dc5b0f2b1c3cc479f04b031f8baa3c, type: 3}
      propertyPath: m_AnchorMax.x
      value: 0
      objectReference: {fileID: 0}
    - target: {fileID: 6175415992628305004, guid: 82dc5b0f2b1c3cc479f04b031f8baa3c, type: 3}
      propertyPath: m_AnchorMax.y
      value: 0
      objectReference: {fileID: 0}
    - target: {fileID: 6175415992628305004, guid: 82dc5b0f2b1c3cc479f04b031f8baa3c, type: 3}
      propertyPath: m_Pivot.x
      value: 0
      objectReference: {fileID: 0}
    - target: {fileID: 6175415992628305004, guid: 82dc5b0f2b1c3cc479f04b031f8baa3c, type: 3}
      propertyPath: m_Pivot.y
      value: 0
      objectReference: {fileID: 0}
    m_RemovedComponents: []
  m_SourcePrefab: {fileID: 100100000, guid: 82dc5b0f2b1c3cc479f04b031f8baa3c, type: 3}
--- !u!1001 &7228769940139962132
PrefabInstance:
  m_ObjectHideFlags: 0
  serializedVersion: 2
  m_Modification:
    m_TransformParent: {fileID: 1946452239}
    m_Modifications:
    - target: {fileID: 5669729221431054675, guid: db87ccda3c975554ab6453de34d452dc, type: 3}
      propertyPath: StartFullAlpha
      value: 1
      objectReference: {fileID: 0}
    - target: {fileID: 5669729221431054675, guid: db87ccda3c975554ab6453de34d452dc, type: 3}
      propertyPath: delay
      value: 0
      objectReference: {fileID: 0}
    - target: {fileID: 7228769938408190884, guid: db87ccda3c975554ab6453de34d452dc, type: 3}
      propertyPath: m_LocalPosition.x
      value: 0
      objectReference: {fileID: 0}
    - target: {fileID: 7228769938408190884, guid: db87ccda3c975554ab6453de34d452dc, type: 3}
      propertyPath: m_LocalPosition.y
      value: 0
      objectReference: {fileID: 0}
    - target: {fileID: 7228769938408190884, guid: db87ccda3c975554ab6453de34d452dc, type: 3}
      propertyPath: m_LocalPosition.z
      value: 0
      objectReference: {fileID: 0}
    - target: {fileID: 7228769938408190884, guid: db87ccda3c975554ab6453de34d452dc, type: 3}
      propertyPath: m_LocalRotation.x
      value: 0
      objectReference: {fileID: 0}
    - target: {fileID: 7228769938408190884, guid: db87ccda3c975554ab6453de34d452dc, type: 3}
      propertyPath: m_LocalRotation.y
      value: 0
      objectReference: {fileID: 0}
    - target: {fileID: 7228769938408190884, guid: db87ccda3c975554ab6453de34d452dc, type: 3}
      propertyPath: m_LocalRotation.z
      value: 0
      objectReference: {fileID: 0}
    - target: {fileID: 7228769938408190884, guid: db87ccda3c975554ab6453de34d452dc, type: 3}
      propertyPath: m_LocalRotation.w
      value: 1
      objectReference: {fileID: 0}
    - target: {fileID: 7228769938408190884, guid: db87ccda3c975554ab6453de34d452dc, type: 3}
      propertyPath: m_RootOrder
      value: 1
      objectReference: {fileID: 0}
    - target: {fileID: 7228769938408190884, guid: db87ccda3c975554ab6453de34d452dc, type: 3}
      propertyPath: m_LocalEulerAnglesHint.x
      value: 0
      objectReference: {fileID: 0}
    - target: {fileID: 7228769938408190884, guid: db87ccda3c975554ab6453de34d452dc, type: 3}
      propertyPath: m_LocalEulerAnglesHint.y
      value: 0
      objectReference: {fileID: 0}
    - target: {fileID: 7228769938408190884, guid: db87ccda3c975554ab6453de34d452dc, type: 3}
      propertyPath: m_LocalEulerAnglesHint.z
      value: 0
      objectReference: {fileID: 0}
    - target: {fileID: 7228769938408190884, guid: db87ccda3c975554ab6453de34d452dc, type: 3}
      propertyPath: m_AnchoredPosition.x
      value: 0
      objectReference: {fileID: 0}
    - target: {fileID: 7228769938408190884, guid: db87ccda3c975554ab6453de34d452dc, type: 3}
      propertyPath: m_AnchoredPosition.y
      value: 0
      objectReference: {fileID: 0}
    - target: {fileID: 7228769938408190884, guid: db87ccda3c975554ab6453de34d452dc, type: 3}
      propertyPath: m_SizeDelta.x
      value: 0
      objectReference: {fileID: 0}
    - target: {fileID: 7228769938408190884, guid: db87ccda3c975554ab6453de34d452dc, type: 3}
      propertyPath: m_SizeDelta.y
      value: 0
      objectReference: {fileID: 0}
    - target: {fileID: 7228769938408190884, guid: db87ccda3c975554ab6453de34d452dc, type: 3}
      propertyPath: m_AnchorMin.x
      value: 0
      objectReference: {fileID: 0}
    - target: {fileID: 7228769938408190884, guid: db87ccda3c975554ab6453de34d452dc, type: 3}
      propertyPath: m_AnchorMin.y
      value: 0
      objectReference: {fileID: 0}
    - target: {fileID: 7228769938408190884, guid: db87ccda3c975554ab6453de34d452dc, type: 3}
      propertyPath: m_AnchorMax.x
      value: 0
      objectReference: {fileID: 0}
    - target: {fileID: 7228769938408190884, guid: db87ccda3c975554ab6453de34d452dc, type: 3}
      propertyPath: m_AnchorMax.y
      value: 0
      objectReference: {fileID: 0}
    - target: {fileID: 7228769938408190884, guid: db87ccda3c975554ab6453de34d452dc, type: 3}
      propertyPath: m_Pivot.x
      value: 0
      objectReference: {fileID: 0}
    - target: {fileID: 7228769938408190884, guid: db87ccda3c975554ab6453de34d452dc, type: 3}
      propertyPath: m_Pivot.y
      value: 0
      objectReference: {fileID: 0}
    - target: {fileID: 7228769938408190904, guid: db87ccda3c975554ab6453de34d452dc, type: 3}
      propertyPath: m_Name
      value: R Canvas
      objectReference: {fileID: 0}
    m_RemovedComponents: []
  m_SourcePrefab: {fileID: 100100000, guid: db87ccda3c975554ab6453de34d452dc, type: 3}
